@misc{homework,
title = {大作业要求.pptx}
};
@misc{dataloader,
title = {torch.utils.data.DataLoader使用方法},
note = {\url{https://www.cnblogs.com/demo-deng/p/10623334.html}},
author = {今夜无风}
};
@misc{listdirs,
title = {用Python实现目录遍历及文件搜索},
note = {\url{https://baijiahao.baidu.com/s?id=1628526268315022280}},
author = {米粒教育}
};